@ARTICLE{eForecasting,
  author = {Hyndman, R.J. and Athanasopoulos, G,},
  title = {Forecasting: principles and practice, 3rd edition},
  year = {2021},
  URL = {https://otexts.com/fpp3/},
}




